
@Book{b_1,
ALTauthor = {Главный редактор Е. А. Иофис.},
ALTeditor = {•},
title = {Энциклопедический словарь Брокгауза и Ефрона : в 86 т. },
publisher = { СПб.},
year = {1890—1907},
OPTkey = {•},
OPTvolume = {•},
OPTnumber = {•},
OPTseries = {•},
OPTaddress = {•},
OPTedition = {•},
OPTmonth = {•},
OPTnote = {•},
OPTannote = {•}
}

@Book{b_2,
ALTauthor = {Коллектив авторов},
ALTeditor = {•},
title = {Большая советская энциклопедия},
publisher = {«СОВЕТСКАЯ ЭНЦИКЛОПЕДИЯ»},
year = {1926 — 1990},
OPTkey = {•},
OPTvolume = {•},
OPTnumber = {•},
OPTseries = {•},
OPTaddress = {•},
OPTedition = {•},
OPTmonth = {•},
OPTnote = {•},
OPTannote = {•}
}

@Book{b_3,
ALTauthor = {Главный редактор академик АМН СССР В. И. ПОКРОВСКИЙ},
ALTeditor = {•},
title = {Малая медицинская энциклопедия},
publisher = {«СОВЕТСКАЯ ЭНЦИКЛОПЕДИЯ»},
year = {1991-1996},
OPTkey = {•},
OPTvolume = {•},
OPTnumber = {•},
OPTseries = {•},
OPTaddress = {•},
OPTedition = {•},
OPTmonth = {•},
OPTnote = {•},
OPTannote = {•}
}
